
@misc{Videojuegos_economia,
  author = {Jorge Arias},
  title  = {La industria de los videojuegos ya genera más ingresos que la música y el cine juntos},
  year   = {2023},
  url    = {https://theobjective.com/economia/2023-06-04/videojuegos-ingresos-musica-cine/#:~:text=Seg%C3%BAn%20los%20datos%20de%20la,%2C3%25%20respecto%20a%202021.}
}

@misc{videojuegos_profesional,
  author = {David Vázquez},
  title  = {Cuando los videojuegos se pasan la pantalla: así se utilizan ya en el mundo corporativo, en el sector educativo o incluso en el Ejército},
  year   = {2021},
  url    = {https://www.businessinsider.es/tecnologia/utilizan-videojuegos-empresas-sector-educativo-ejercito-900143}
}

@misc{wow,
  author = {Judith Vicente},
  title  = {“La singular vida de Ibelin”: la verdadera historia de Mats Steen, el jugador con discapacidad que tenía una vida secreta en World of Warcraft},
  year   = {2024},
  url    = {https://elcomercio.pe/mag/fama/que-ver/la-singular-vida-de-ibelin-la-verdadera-historia-de-mats-steen-el-jugador-discapacitado-que-tenia-una-vida-secreta-en-world-of-warcraft-documental-de-netflix-the-remarkable-life-of-ibelin-nnda-nnlt-noticia/}
}


@misc{wikipedia2024,
  author = {Wikipedia contributors},
  title  = {Artificial Intelligence},
  year   = {2024},
  note   = {Accessed: 2024-03-08},
  url    = {https://en.wikipedia.org/wiki/Artificial_intelligence}
}

@book{knuth1984,
  author    = {Donald E. Knuth},
  title     = {The TeXbook},
  year      = {1984},
  publisher = {Addison-Wesley}
}

@article{lamport1994,
  author  = {Leslie Lamport},
  title   = {LaTeX: A Document Preparation System},
  journal = {Addison-Wesley},
  year    = {1994}
}

@misc{PaginaLangChainOficial,
  title  = {LangChain},
  year   = {2025},
  url    = {https://www.langchain.com/}
}

@misc{PaginaLangChainOficialBasico,
  title  = {LangChain Básico},
  year   = {2025},
  url    = {https://www.langchain.com/langchain}
}

@misc{PaginaLangChainOficialRAG,
  title  = {RAG},
  year   = {2025},
  url    = {https://www.langchain.com/retrieval}
}


@misc{PaginaLangChainOficialAgentes,
  title  = {LangChain Agentes},
  year   = {2025},
  url    = {https://www.langchain.com/agents}
}


@misc{PaginaLangChainOficialEvaluacion,
  title  = {LangChain Evaluacion},
  year   = {2025},
  url    = {https://www.langchain.com/evaluation}
}

@misc{PaginaLangChainOficialLangGraph ,
  title  = {LangChain LangGraph},
  year   = {2025},
  url    = {https://www.langchain.com/langgraph}
}

@misc{PaginaLangChainOficialLangSmith ,
  title  = {LangChain LangSmith},
  year   = {2025},
  url    = {https://www.langchain.com/langsmith}
}

@article{LangChainAnime,
    author = {Ye Zhang},
    title = {Unlocking Personalized Anime Recommendations: Langchain and LLM at the Forefront},
    journal = {Journal of Industrial Engineering and Applied Science},
    year = {2024},
url    = {https://www.suaspress.org/ojs/index.php/JIEAS/article/view/v2n2a08/v2n2a08}
}


@misc{recommender-agent-langchain,
  author       = {Johans Quintero},
  title        = {Sistema de recomendación con agente LangChain},
  year         = {2024},
  url          = {https://github.com/johansquintero/recommender-agent}
}

@misc{recomendacion-videojuegos-uam,
  author       = {Yélamos Pérez, Daniel},
  title        = {Recomendación de videojuegos basado en análisis semántico y minería de opinión},
  year         = {2016},
  url          = {https://repositorio.uam.es/handle/10486/676784}
}

@misc{aplicacion-recomendacion-uoc,
  author       = {Roldán Soblechero, Alejandro},
  title        = {Aplicación de recomendación de videojuegos},
  year         = {2024},
  url          = {https://openaccess.uoc.edu/handle/10609/150892}
}

@misc{fair-use,
  author = {Wikipedia contributors},
  title  = {Fair use},
  year   = {2025},
  url    = {https://en.wikipedia.org/wiki/Fair_use}
}



@misc{sueldo,
  author = {Equipo de Talent.com},
  title  = {Sueldo medio informático España},
  year   = {2025},
  url    = {https://es.talent.com/salary?job=ingeniero+inform%C3%A1tico#:~:text=El%20salario%20ingeniero%20inform%C3%A1tico%20promedio,hasta%20%E2%82%AC%2036.000%20al%20a%C3%B1o.}
}

@misc{luz,
  author = {Equipo de CosteEnergia.es},
  title  = {Coste del kwh 2025},
  year   = {2025},
  url    = {https://www.costeenergia.es/historico/pvpc-anual}
}


@misc{luz,
  title  = {Iconos flaticon},
  url    = {https://www.flaticon.es/}
}

@misc{ONU_ODS_Web,
	author       = {{Organización de las Naciones Unidas}},
	title        = {{Objetivos de Desarrollo Sostenible}},
	year         = {2015},
	url          = {https://www.un.org/sustainabledevelopment/es/objetivos-de-desarrollo-sostenible/},
	note         = {Sitio oficial de las Naciones Unidas sobre los ODS}
}